@string{ SV = {Springer} }
@string{ LNCS = {LNCS} }
@string{ ACM = {ACM} }
@string{ IEEE = {IEEE} }

@inproceedings{Bhargavan2016,
 author = {Bhargavan, Karthikeyan and Delignat-Lavaud, Antoine and Fournet, C{\'e}dric and Gollamudi, Anitha and Gonthier, Georges and Kobeissi, Nadim and Kulatova, Natalia and Rastogi, Aseem and Sibut-Pinote, Thomas and Swamy, Nikhil and Zanella-B{\'e}guelin, Santiago},
 title = {Formal Verification of Smart Contracts: Short Paper},
 booktitle = {Proceedings of the 2016 ACM Workshop on Programming Languages and Analysis for Security},
 series = {PLAS '16},
 year = {2016},
 pages = {91--96}
} 

@inproceedings{Luu2016,
 author = {Luu, Loi and Chu, Duc-Hiep and Olickel, Hrishi and Saxena, Prateek and Hobor, Aquinas},
 title = {Making Smart Contracts Smarter},
 booktitle = {Proceedings of the 2016 ACM SIGSAC Conference on Computer and Communications Security},
 series = {CCS '16},
 year = {2016},
 pages = {254--269}
}

@inproceedings{Hirai2017,
  author    = {Yoichi Hirai},
  title     = {Defining the Ethereum Virtual Machine for Interactive Theorem Provers},
  booktitle = {Financial Cryptography and Data Security - {FC} 2017 International
               Workshops, WAHC, BITCOIN, VOTING, WTSC, and TA, Sliema, Malta, April
               7, 2017, Revised Selected Papers},
  pages     = {520--535},
  year      = {2017}
}
